<record><leader>00000cas a22000007a 4500</leader><controlfield tag="001">11209908</controlfield><controlfield tag="008">840928d18571889wiubr ne      0    0eng d</controlfield><datafield ind1=" " ind2=" " tag="010"><subfield code="a">sn 84035941 </subfield></datafield><datafield ind1=" " ind2=" " tag="040"><subfield code="a">NYG</subfield><subfield code="b">eng</subfield><subfield code="c">NYG</subfield><subfield code="d">NPU</subfield><subfield code="d">NPV</subfield><subfield code="d">NPX</subfield><subfield code="d">NPV</subfield><subfield code="d">DLC</subfield><subfield code="d">OCLCQ</subfield></datafield><datafield ind1=" " ind2=" " tag="042"><subfield code="a">msc</subfield></datafield><datafield ind1="0" ind2="0" tag="050"><subfield code="a">Newspaper 10216-X</subfield></datafield><datafield ind1="0" ind2="4" tag="245"><subfield code="a">The Wisconsin chief.</subfield></datafield><datafield ind1=" " ind2=" " tag="260"><subfield code="a">Fort Atkinson, Wis. :</subfield><subfield code="b">T.W. &amp; Emma Brown</subfield></datafield><datafield ind1=" " ind2=" " tag="300"><subfield code="a">v. :</subfield><subfield code="b">ill. (chiefly advertisements) ;</subfield><subfield code="c">43-54 cm.</subfield></datafield><datafield ind1=" " ind2=" " tag="310"><subfield code="a">Bimonthly,</subfield><subfield code="b">1876-1889</subfield></datafield><datafield ind1=" " ind2=" " tag="321"><subfield code="a">Frequency varies,</subfield><subfield code="b">1857-1876</subfield></datafield><datafield ind1="1" ind2=" " tag="362"><subfield code="a">Began in 1857; ceased in 1889.</subfield><subfield code="z">Cf. NIM, 1978.</subfield></datafield><datafield ind1=" " ind2=" " tag="500"><subfield code="a">Published at Milwaukee &amp; Ft. Atkinson, Wis., &lt;Oct, 26, 1859&gt;-&lt;Sept. 3, 1862&gt;.</subfield></datafield><datafield ind1=" " ind2=" " tag="500"><subfield code="a">"Advocate of temperance and human freedom."</subfield></datafield><datafield ind1=" " ind2=" " tag="515"><subfield code="a">Vol. for July 22, 1857 called also whole no. 422.</subfield></datafield><datafield ind1=" " ind2=" " tag="530"><subfield code="a">Also issued on microfilm from the State Historical Society of Wisconsin.</subfield></datafield><datafield ind1=" " ind2=" " tag="588"><subfield code="a">Description based on: Vol. 9, no. 3 (July 1, 1857).</subfield></datafield><datafield ind1=" " ind2=" " tag="752"><subfield code="a">United States</subfield><subfield code="b">Wisconsin</subfield><subfield code="c">Jefferson</subfield><subfield code="d">Fort Atkinson.</subfield></datafield><datafield ind1="0" ind2="0" tag="780"><subfield code="t">Cayuga chief</subfield><subfield code="w">(DLC)sn 83030732</subfield></datafield><datafield ind1="1" ind2=" " tag="029"><subfield code="a">AU@</subfield><subfield code="b">000025808193</subfield></datafield></record>